
@article{ahlswede,
  title={Network information flow},
  author={Ahlswede, Rudolf and Cai, Ning and Li, Shuo-Yen Robert and Yeung, Raymond W},
  journal={Information Theory, IEEE Transactions on},
  volume={46},
  number={4},
  pages={1204--1216},
  year={2000},
  publisher={IEEE}
}

@book{nc-intro,
  title={Network coding: an introduction},
  author={Ho, Tracey and Lun, Desmond},
  year={2008},
  publisher={Cambridge University Press}
}

@article{mptcp-ietf,
  title={TCP extensions for multipath operation with multiple addresses},
  author={Handley, Mark and Bonaventure, Olivier and Raiciu, Costin and Ford, Alan},
  year={2013}
}

@article{mptcp-over,
  title={An overview of Multipath TCP},
  author={Bonaventure, Olivier and Handley, Mark and Raiciu, Costin and others},
  journal={; login:},
  volume={37},
  number={5},
  pages={17--23},
  year={2012}
}

@inproceedings{mptcp-nc-mesh,
  title={Multipath TCP with network coding for wireless mesh networks},
  author={Gheorghiu, Steluta and Toledo, Alberto L{\'o}pez and Rodriguez, Pablo},
  booktitle={Communications (ICC), 2010 IEEE International Conference on},
  pages={1--5},
  year={2010},
  organization={IEEE}
}

@inproceedings{mptcpnc,
  title={Multi-path TCP with network coding for mobile devices in heterogeneous networks},
  author={Cloud, Jason and du Pin Calmon, Flavio and Zeng, Weifei and Pau, Giovanni and Zeger, Linda M and Medard, Muriel},
  booktitle={Vehicular Technology Conference (VTC Fall), 2013 IEEE 78th},
  pages={1--5},
  year={2013},
  organization={IEEE}
}

@article{tcpnc,
  title={Network coding meets TCP: Theory and implementation},
  author={Sundararajan, Jay Kumar and Shah, Devavrat and M{\'e}dard, Muriel and Jakubczak, Szymon and Mitzenmacher, Michael and Barros, Joa O},
  journal={Proceedings of the IEEE},
  volume={99},
  number={3},
  pages={490--512},
  year={2011},
  publisher={IEEE}
}
