
@article{ahlswede,
  title={Network information flow},
  author={Ahlswede, Rudolf and Cai, Ning and Li, Shuo-Yen Robert and Yeung, Raymond W},
  journal={Information Theory, IEEE Transactions on},
  volume={46},
  number={4},
  pages={1204--1216},
  year={2000},
  publisher={IEEE}
}

@book{nc-intro,
  title={Network coding: an introduction},
  author={Ho, Tracey and Lun, Desmond},
  year={2008},
  publisher={Cambridge University Press}
}

@article{mptcp-ietf,
  title={TCP extensions for multipath operation with multiple addresses},
  author={Handley, Mark and Bonaventure, Olivier and Raiciu, Costin and Ford, Alan},
  year={2013}
}

@article{mptcp-over,
  title={An overview of Multipath TCP},
  author={Bonaventure, Olivier and Handley, Mark and Raiciu, Costin and others},
  journal={;login:},
  volume={37},
  number={5},
  pages={17--23},
  year={2012}
}

@inproceedings{mptcp-nc-mesh,
  title={Multipath TCP with network coding for wireless mesh networks},
  author={Gheorghiu, Steluta and Toledo, Alberto L{\'o}pez and Rodriguez, Pablo},
  booktitle={Communications (ICC), 2010 IEEE International Conference on},
  pages={1--5},
  year={2010},
  organization={IEEE}
}

@inproceedings{mptcpnc,
  title={Multi-path TCP with network coding for mobile devices in heterogeneous networks},
  author={Cloud, Jason and du Pin Calmon, Flavio and Zeng, Weifei and Pau, Giovanni and Zeger, Linda M and Medard, Muriel},
  booktitle={Vehicular Technology Conference (VTC Fall), 2013 IEEE 78th},
  pages={1--5},
  year={2013},
  organization={IEEE}
}

@article{tcpnc,
  title={Network coding meets TCP: Theory and implementation},
  author={Sundararajan, Jay Kumar and Shah, Devavrat and M{\'e}dard, Muriel and Jakubczak, Szymon and Mitzenmacher, Michael and Barros, Joa O},
  journal={Proceedings of the IEEE},
  volume={99},
  number={3},
  pages={490--512},
  year={2011},
  publisher={IEEE}
}

@online{ns3,
  title = {The ns-3 network simulator},
  howpublished = {\url{http://www.nsnam.org}},
}

@inproceedings{kodo,
  title={Kodo: An open and research oriented network coding library},
  author={Pedersen, Morten V and Heide, Janus and Fitzek, Frank HP},
  booktitle={Networking 2011 Workshops},
  pages={145--152},
  year={2011},
  organization={Springer}
}

@inproceedings{gomez,
  title={Reliable communications over wireless mesh networks with inter and intra-flow network coding},
  author={G{\'o}mez, David and Rodr{\'\i}guez, Eduardo and Ag{\"u}ero, Ram{\'o}n and Mu{\~n}oz, Luis},
  booktitle={Proceedings of the 2014 Workshop on ns-3},
  pages={4},
  year={2014},
  organization={ACM}
}

@article{primer,
  title={Network coding: an instant primer},
  author={Fragouli, Christina and Le Boudec, Jean-Yves and Widmer, J{\"o}rg},
  journal={ACM SIGCOMM Computer Communication Review},
  volume={36},
  number={1},
  pages={63--68},
  year={2006},
  publisher={ACM}
}

@article{nc-fund,
  title={Network Coding Fundamentals, ser. Source},
  author={Fragouli, C and Soljanin, E},
  journal={Foundations and Trends in Networking archive. Boston, MA: Now Publisers Inc},
  year={2007}
}

@techreport{genfieldsize,
  title={A network coding approach to energy efficient broadcasting: from theory to practice},
  author={Fragouli, Christina and Widmer, Jorg and Le Boudec, Jean-Yves},
  year={2005}
}
